<?xml version="1.0" encoding="UTF-8"?>
<collection xmlns:xsi="http://www.w3.org/2001/XMLSchema-instance" xsi:schemaLocation="http://www.loc.gov/MARC21/slim http://www.loc.gov/standards/marcxml/schema/MARC21slim.xsd" xmlns="http://www.loc.gov/MARC21/slim">
<record>
  <leader>00900cam a2200241Ka 4500</leader>
  <controlfield tag="001">5241564</controlfield>
  <controlfield tag="003">NNC</controlfield>
  <controlfield tag="005">20130501132811.0</controlfield>
  <controlfield tag="008">890928s1955    ir            000 0 arard</controlfield>
  <datafield tag="035" ind1=" " ind2=" ">
    <subfield code="a">(OCoLC)ocm20405545</subfield>
  </datafield>
  <datafield tag="035" ind1=" " ind2=" ">
    <subfield code="a">(NNC)5241564</subfield>
  </datafield>
  <datafield tag="040" ind1=" " ind2=" ">
    <subfield code="a">TOK</subfield>
    <subfield code="c">TOK</subfield>
    <subfield code="d">IUL</subfield>
    <subfield code="d">ZCU</subfield>
  </datafield>
  <datafield tag="050" ind1=" " ind2="4">
    <subfield code="a">B753.S83</subfield>
    <subfield code="b">M36</subfield>
  </datafield>
  <datafield tag="099" ind1=" " ind2=" ">
    <subfield code="a">892.88</subfield>
    <subfield code="a">T23 no.270</subfield>
  </datafield>
  <datafield tag="100" ind1="1" ind2=" ">
    <subfield code="a">Suhrawardī, Yaḥyá ibn Ḥabash,</subfield>
    <subfield code="d">1152 or 1153-1191.</subfield>
  </datafield>
  <datafield tag="245" ind1="1" ind2="0">
    <subfield code="a">Manṭiq al-talwīḥāt /</subfield>
    <subfield code="c">taʾlīf Yaḥyá ibn Ḥabash al-Suhrawardī ; ḥaqqaqahu wa-qaddma lahu ʻAlī Akbar Fayyāḍ</subfield>
  </datafield>
  <datafield tag="260" ind1=" " ind2=" ">
    <subfield code="a">Tihrān,</subfield>
    <subfield code="b">Intishārāt-i Dānishgāh-i Tihrān,</subfield>
    <subfield code="c">1955.</subfield>
  </datafield>
  <datafield tag="300" ind1=" " ind2=" ">
    <subfield code="a">100 p. ;</subfield>
    <subfield code="c">24 cm.</subfield>
  </datafield>
  <datafield tag="490" ind1="1" ind2=" ">
    <subfield code="a">Intishārāt-i Dānishgāh-i Tihrān ;</subfield>
    <subfield code="v">270</subfield>
  </datafield>
  <datafield tag="650" ind1=" " ind2="0">
    <subfield code="a">Islamic philosophy</subfield>
    <subfield code="v">Early works to 1800.</subfield>
  </datafield>
  <datafield tag="700" ind1="1" ind2=" ">
    <subfield code="a">Fayyāḍ, ʻAlī Akbar.</subfield>
  </datafield>
  <datafield tag="830" ind1=" " ind2="0">
    <subfield code="a">Publications de l'Université de Tehran ;</subfield>
    <subfield code="v">270.</subfield>
  </datafield>
  <datafield tag="955" ind1=" " ind2=" ">
    <subfield code="b">0043211992</subfield>
    <subfield code="d">glx</subfield>
    <subfield code="e">892.88 T23 no.270</subfield>
  </datafield>
</record>
</collection>